<?xml version='1.0' encoding='UTF-8'?>
<record xmlns="http://www.loc.gov/MARC21/slim">
  <leader>00964cam a22002415  4500</leader>
  <controlfield tag="001">2750103</controlfield>
  <controlfield tag="003">NjP</controlfield>
  <controlfield tag="005">20171010171859.0</controlfield>
  <controlfield tag="008">861208s1964    iq       b    000 0 ara d</controlfield>
  <datafield tag="024" ind1="7" ind2=" ">
    <subfield code="a">princeton_aco002115</subfield>
    <subfield code="2">local</subfield>
  </datafield>
  <datafield ind1=" " ind2=" " tag="035">
    <subfield code="a">(OCoLC)ocm14938086</subfield>
  </datafield>
  <datafield ind1=" " ind2=" " tag="035">
    <subfield code="9">CNE2129TS</subfield>
  </datafield>
  <datafield ind1=" " ind2=" " tag="040">
    <subfield code="a">WAU</subfield>
    <subfield code="c">WAU</subfield>
    <subfield code="d">PUL</subfield>
  </datafield>
  <datafield ind1="1" ind2=" " tag="110">
    <subfield code="a">Iraq.</subfield>
    <subfield code="b">Wizārat al-Irshād.</subfield>
    <subfield code="0">http://id.loc.gov/authorities/names/n50065572</subfield>
  </datafield>
  <datafield ind1="1" ind2="0" tag="245">
    <subfield code="a">Filasṭīn wa-al-ghazw al-Tatarī al-jadīd.</subfield>
  </datafield>
  <datafield ind1=" " ind2=" " tag="260">
    <subfield code="a">Baghdād,</subfield>
    <subfield code="b">Wizārat al-Thaqāfah wa-al-Irshād,</subfield>
    <subfield code="c">1964.</subfield>
  </datafield>
  <datafield ind1=" " ind2=" " tag="300">
    <subfield code="a">116 p.</subfield>
  </datafield>
  <datafield ind1="1" ind2=" " tag="490">
    <subfield code="a">Its: Al-Silsilah al-siyāsīyah,</subfield>
    <subfield code="v">4</subfield>
  </datafield>
  <datafield ind1=" " ind2=" " tag="504">
    <subfield code="a">Bibliography: p. 116.</subfield>
  </datafield>
  <datafield ind1=" " ind2="0" tag="651">
    <subfield code="a">Palestine</subfield>
    <subfield code="x">History</subfield>
    <subfield code="y">1917-1948.</subfield>
    <subfield code="0">http://id.loc.gov/authorities/subjects/sh85097172</subfield>
  </datafield>
  <datafield ind1=" " ind2="0" tag="650">
    <subfield code="a">Zionism.</subfield>
    <subfield code="0">http://id.loc.gov/authorities/subjects/sh85149886</subfield>
  </datafield>
  <datafield ind1="1" ind2=" " tag="810">
    <subfield code="a">Iraq.</subfield>
    <subfield code="b">Wizārat al-Irshād.</subfield>
    <subfield code="t">Silsilah al-siyāsīyah ;</subfield>
    <subfield code="v">4.</subfield>
  </datafield>
  <datafield ind1=" " ind2=" " tag="945">
    <subfield code="a">F</subfield>
    <subfield code="b">1</subfield>
    <subfield code="c">2271.504582.334</subfield>
  </datafield>
  <datafield ind1=" " ind2=" " tag="911">
    <subfield code="a">20000130</subfield>
  </datafield>
  <datafield ind1="0" ind2="0" tag="852">
    <subfield code="0">3060818</subfield>
    <subfield code="b">nec</subfield>
    <subfield code="t">1</subfield>
    <subfield code="h">DS126</subfield>
    <subfield code="i">.I795 1964</subfield>
  </datafield>
  <datafield ind1=" " ind2=" " tag="959">
    <subfield code="a">2009-06-30 13:20:37 -0400</subfield>
  </datafield>
</record>
